@article{ASMC13,
  author    = {Man Ho Au and
               Willy Susilo and
               Yi Mu and
               Sherman S. M. Chow},
  title     = {Constant-Size Dynamic {\textdollar}k{\textdollar} -Times Anonymous
               Authentication},
  journal   = {{IEEE} Systems Journal},
  volume    = {7},
  number    = {2},
  pages     = {249--261},
  year      = {2013},
  url       = {https://doi.org/10.1109/JSYST.2012.2221931},
  doi       = {10.1109/JSYST.2012.2221931},
  timestamp = {Thu, 08 Jun 2017 08:59:32 +0200},
  biburl    = {http://dblp.org/rec/bib/journals/sj/AuSMC13},
  bibsource = {dblp computer science bibliography, http://dblp.org}
}

@article{CDL16eprint,
  author    = {Jan Camenisch and
               Manu Drijvers and
               Anja Lehmann},
  title     = {Anonymous Attestation Using the Strong Diffie Hellman Assumption Revisited},
  journal   = {{IACR} Cryptology ePrint Archive},
  volume    = {2016},
  pages     = {663},
  year      = {2016},
  url       = {http://eprint.iacr.org/2016/663},
  timestamp = {Thu, 08 Jun 2017 14:26:45 +0200},
  biburl    = {http://dblp.org/rec/bib/journals/iacr/CamenischDL16},
  bibsource = {dblp computer science bibliography, http://dblp.org}
}