@inproceedings{MiersG0R13,
  author    = {Ian Miers and
               Christina Garman and
               Matthew Green and
               Aviel D. Rubin},
  title     = {Zerocoin: Anonymous Distributed E-Cash from Bitcoin},
  booktitle = {{IEEE} Symposium on Security and Privacy},
  pages     = {397--411},
  publisher = {{IEEE} Computer Society},
  year      = {2013}
}
@misc{mathsymbolswiki,
  author = {Wikipedia},
  title = {List of mathmatical symbols},
  howpublished = {\url{https://en.wikipedia.org/wiki/List_of_mathematical_symbols}}
}